@article{andersen2016rethinking,
  title={Rethinking Margin Period of Risk},
  author={Andersen, Leif B.G. and Pykhtin, Michael and Sokol, Alexander},
  year={2016},
  journal={SSRN Electronic Journal},
  url={https://ssrn.com/abstract=2719964},
  doi={10.2139/ssrn.2719964},
  note={Available at SSRN: \url{https://ssrn.com/abstract=2719964}}
}

@article{boinghoff2020alternatives,
  title={Alternatives to Log-Normal and Normal Models in Market Risk: The Displaced Historical Simulation and the Mixed Model},
  author={Böinghoff, Christian and Sprenger, Martin},
  year={2020},
  journal={SSRN Electronic Journal},
  url={https://ssrn.com/abstract=3681809},
  doi={10.2139/ssrn.3681809},
  note={Available at SSRN: \url{https://ssrn.com/abstract=3681809}}
}

@article{zhu2007guide,
  title={A Guide to Modeling Counterparty Credit Risk},
  author={Zhu, Steven and Pykhtin, Michael},
  year={2007},
  journal={GARP Risk Review, July/August 2007},
  url={https://ssrn.com/abstract=1032522},
  note={Available at SSRN: \url{https://ssrn.com/abstract=1032522}}
}

@article{szyszkowicz2009limit,
  title={Limit Theorem on the Sum of Identically Distributed Equally and Positively Correlated Joint Lognormals},
  author={Szyszkowicz, S. S. and Yanikomeroglu, H.},
  year={2009},
  journal={IEEE Transactions on Communications},
  volume={57},
  number={12},
  pages={3538-3542},
  url={https://www.sce.carleton.ca/~sz/LimitTheoremSLN.pdf},
  note={Available at: \url{https://www.sce.carleton.ca/~sz/LimitTheoremSLN.pdf}}
}

@article{hofer2018accelerating,
  title={Accelerating XVA Calibration Using Multi-level Monte Carlo},
  author={Hofer, Markus and Karlson, Patrik},
  journal={Wilmott},
  year={2018},
  url={https://doi.org/10.1002/wilm.10689},
  note={First published: 19 July 2018, DOI: \url{https://doi.org/10.1002/wilm.10689}}
}

@book{pages2012quizz,
  title={101 quizz qui banquent: Mathématiques et finance sont-elles indépendantes ?},
  author={Pagès, Gilles},
  year={2012},
  publisher={Poche – Grand livre},
  note={Published: 26 October 2012}
}

@article{giles2018multilevel,
  title={Multilevel Monte Carlo Methods},
  author={Giles, M. B.},
  year={2018}
}

@misc{internaldoc,
  title        = {Internal Document}
}

@book{xva2015andrewgreen,
  title={XVA: Credit, Funding and Capital Valuation Adjustments},
  author={Andrew Green},
  year={2015},
  publisher={Wiley}
}

@article{burgard2017derivatives,
  title={Derivatives Funding, Netting and Accounting},
  author={Burgard, Christoph and Kjaer, Mats},
  year={2017},
  month={March 20},
  journal={SSRN Electronic Journal},
  url={https://ssrn.com/abstract=2534011},
  doi={10.2139/ssrn.2534011},
  note={Available at SSRN: \url{https://ssrn.com/abstract=2534011}}
}

@book{shreve2004stochastic,
  author       = {Steven E. Shreve},
  title        = {Stochastic Calculus for Finance II: Continuous-Time Models},
  year         = {2004},
  publisher    = {Springer},
  address      = {New York},
}
